@inproceedings{effectzoo,
 author = {\myname{} and Todd, Aaron and Tobin-Hochstadt, Sam and Newton, Ryan R.},
 title = {Taming the Parallel Effect Zoo: Extensible Deterministic Parallelism with {LVish}},
 booktitle = {{PLDI}},
 year = {2014},
}

@inproceedings{LVars-paper,
 author = {\myname{} and Newton, Ryan R.},
 title = {{LVars}: lattice-based data structures for deterministic parallelism},
 booktitle = {{FHPC}},
 year = {2013},
}

@techreport{LVars-TR,
 author = {\myname{} and Newton, Ryan R.},
 title = {A Lattice-Theoretical Approach to Deterministic Parallelism with Shared State},
 institution = {Indiana University},
 year = {2012},
 month = oct,
 number = {TR702},
 url = {\url{http://www.cs.indiana.edu/cgi-bin/techreports/TRNNN.cgi?trnum=TR702}},
}

@inproceedings{joining-wodet,
author = {\myname{} and Newton, Ryan R.},
title = {Joining forces: toward a unified account of {LVars} and convergent replicated data types.},
year = {2014},
booktitle = {{\normalfont the} 5th Workshop on Determinism and Correctness in Parallel Programming (WoDet)},
}

@inproceedings{Freeze-paper,
 author = {\myname{} and Turon, Aaron and Krishnaswami, Neelakantan R. and Newton, Ryan R.},
 title = {Freeze After Writing: Quasi-Deterministic Parallel Programming with {LVars}},
 booktitle = {{POPL}},
 year = {2014},
}

@techreport{Freeze-TR,
 author = {\myname{} and Turon, Aaron and Krishnaswami, Neelakantan R. and Newton, Ryan R.},
 title = {Freeze After Writing: Quasi-Deterministic Parallel Programming with {LVars}},
 institution = {Indiana University},
 year = {2013},
 month = nov,
 number = {TR710},
 url = {\url{http://www.cs.indiana.edu/cgi-bin/techreports/TRNNN.cgi?trnum=TR710}},
}

@url{LVish,
 author = {Turon, Aaron and \myname{} and Newton, Ryan R.},
 title = {{LVish: Parallel scheduler, LVar data structures, and infrastructure to build more.}},
 howpublished = {\url{http://hackage.haskell.org/package/lvish}},
 year = {2013},
 month = oct,
}

@inproceedings{lambdae,
 title = {{A pattern matcher for miniKanren, or, how to get into trouble with CPS macros}},
 author = {Keep, Andrew W. and Adams, Michael D. and \myname{} and Byrd, William E. and Friedman, Daniel P.},
 booktitle = {Scheme},
 year = {2009},
}

@techreport{tsl-tr,
 title = {Safety in Numbers},
 author = {Cok, David and Phillips, John and Wisniewski, Scott and Yong, Suan Hsi and Lloyd, Nathan and \myname{} and Gopan, Denis and Loginov, Alexey},
 month = nov,
 year = {2010},
 institution = {GrammaTech, Inc.},
 url = {\url{http://www.dtic.mil/dtic/tr/fulltext/u2/a532995.pdf}},
}

@misc{multilang-talk,
 title= {Parametric polymorphism through run-time sealing, or, theorems for low, low prices!},
 author = {Ahmed, Amal and \myname{} and Matthews, Jacob},
 year = {2011},
 month = feb,
 note= {Northeastern University Programming Languages Seminar talk},
}
