n@url{bfs-pbgl,
 title = {{Breadth-First Search, Parallel Boost Graph Library}},
 howpublished = {\url{http://www.boost.org/doc/libs/1_56_0/libs/graph_parallel/doc/html/breadth_first_search.html}},
 year = {2009},
}

@inproceedings{bloom-cidr,
 author = {Peter Alvaro and Neil Conway and Joe Hellerstein and William R. Marczak},
 title = {Consistency Analysis in {B}loom: a {CALM} and Collected Approach},
 booktitle = {CIDR},
 year = {2011},
}

@article{IStructures,
 author = {Arvind and Nikhil, Rishiyur S. and Pingali, Keshav K.},
 title = {I-structures: data structures for parallel computing},
 journal = {ACM Trans. Program. Lang. Syst.},
 volume = {11},
 number = {4},
 month = oct,
 year = {1989},
}

@inproceedings{lawsOfOrder,
 author = {Attiya, Hagit and Guerraoui, Rachid and Hendler, Danny and Kuznetsov, Petr and Michael, Maged M. and Vechev, Martin},
 title = {Laws of order: expensive synchronization in concurrent algorithms cannot be eliminated},
 booktitle = {POPL},
 year = {2011},
}

@inproceedings{cray-mta,
 author = {Bader, David A. and Madduri, Kamesh},
 title = {Designing Multithreaded Algorithms for Breadth-First Search and st-connectivity on the {Cray} {MTA}-2},
 booktitle = {ICPP},
 year = {2006},
}

@inproceedings{blelloch-internally-deterministic,
 author = {Blelloch, Guy E. and Fineman, Jeremy T. and Gibbons, Phillip B. and Shun, Julian},
 title = {Internally deterministic parallel algorithms can be fast},
 booktitle = {PPoPP},
 year = {2012},
}

@inproceedings{dpj-hotpar09,
 author = {Bocchino,Jr., Robert L. and Adve, Vikram S. and Adve, Sarita V. and Snir, Marc},
 title = {Parallel programming must be deterministic by default},
 booktitle = {HotPar},
 year = {2009},
}

@inproceedings{dpj-oopsla,
 author = {Bocchino,Jr., Robert L. and Adve, Vikram S. and Dig, Danny and Adve, Sarita V. and Heumann, Stephen and Komuravelli, Rakesh and Overbey, Jeffrey and Simmons, Patrick and Sung, Hyojin and Vakilian, Mohsen},
 title = {{A type and effect system for deterministic parallel Java}},
 booktitle = {OOPSLA},
 year = {2009},
}

@inproceedings{dpj-popl,
 author = {Bocchino,Jr., Robert L. and others},
 title = {Safe nondeterminism in a deterministic-by-default parallel language},
 booktitle = {POPL},
 year = {2011},
}

@url{BrewerCAPBlog,
 author = {Brewer, Eric},
 title = {{CAP} Twelve Years Later: How the ``Rules'' Have Changed},
 howpublished = {\url{http://www.infoq.com/articles/cap-twelve-years-later-how-the-rules-have-changed}},
 year = {2012},
}

@article{CnC,
 author = {Budimli\'{c}, Zoran and Burke, Michael and Cav\'{e}, Vincent and Knobe, Kathleen and Lowney, Geoff and Newton, Ryan and Palsberg, Jens and Peixotto, David and Sarkar, Vivek and Schlimbach, Frank and Ta{\c s}irlar, Sa{\u g}nak},
 title = {Concurrent {C}ollections},
 journal = {Sci. Program.},
 volume = {18},
 number = {3-4},
 month = aug,
 year = {2010},
}

@inproceedings{eventually-consistent-transactions,
 author = {Burckhardt, Sebastian and Fahndrich, Manuel and Leijen, Daan and Sagiv, Mooly},
 title = {Eventually consistent transactions},
 booktitle = {ESOP},
 year = {2012},
}

@inproceedings{rdts-popl14,
 author = {Burckhardt, Sebastian and Gotsman, Alexey and Yang, Hongseok and Zawirski, Marek},
 title = {Replicated Data Types: Specification, Verification, Optimality},
 booktitle = {POPL},
 year = {2014},
}

@inproceedings{semantics-concurrent-revisions,
 author = {Burckhardt, Sebastian and Leijen, Daan},
 title = {Semantics of concurrent revisions},
 booktitle = {ESOP},
 year = {2011},
}

@inproceedings{dph-status,
 author = {Chakravarty, Manuel M. T. and Leshchinskiy, Roman and {Peyton Jones}, Simon and Keller, Gabriele and Marlow, Simon},
 title = {{Data Parallel Haskell}: A Status Report},
 booktitle = {DAMP},
 year = {2007},
}

@inproceedings{ChaseLev,
 author = {Chase, David and Lev, Yossi},
 title = {Dynamic circular work-stealing deque},
 booktitle = {SPAA},
 year = {2005},
}

@inproceedings{blooml,
 author = {Conway, Neil and Marczak, William and Alvaro, Peter and Hellerstein, Joseph M. and Maier, David},
 title = {Logic and Lattices for Distributed Programming},
 booktitle = {SOCC},
 year = {2012},
}

@inproceedings{dynamo,
 author = {DeCandia, Giuseppe and Hastorun, Deniz and Jampani, Madan and Kakulapati, Gunavardhan and Lakshman, Avinash and Pilchin, Alex and Sivasubramanian, Swaminathan and Vosshall, Peter and Vogels, Werner},
 title = {Dynamo: Amazon's Highly Available Key-value Store},
 booktitle = {SOSP},
 year = {2007},
}

@inproceedings {views,
 author = {Thomas Dinsdale-Young and Lars Birkedal and Philippa Gardner and Matthew Parkinson and Hongseok Yang},
 title        = {Views: Compositional Reasoning for Concurrent Programs},
 booktitle    = {POPL},
 year         = {2013},
}

@inproceedings{earl-might-icfp-2012,
 author = {Earl, Christopher and Sergey, Ilya and Might, Matthew and Van Horn, David},
 title = {Introspective pushdown analysis of higher-order programs},
 booktitle = {ICFP},
 year = {2012},
}

@inproceedings{snzi,
 author = {Ellen, Faith and Lev, Yossi and Luchangco, Victor and Moir, Mark},
 title = {{SNZI}: {S}calable {N}on{Z}ero {I}ndicators},
 booktitle = {PODC},
 year = {2007},
}

@book{redex-book,
 author = {Felleisen, Matthias and Findler, Robert Bruce and Flatt, Matthew},
 title = {Semantics Engineering with PLT Redex},
 year = {2009},
 edition = {First},
 publisher = {The MIT Press},
}

@misc{phylip,
 author = {Felsenstein, Joseph},
 title = {{PHYLIP (Phylogeny Inference Package) version 3.6}},
 howpublished = {Distributed by the author},
 year = {2005},
 institution = {Department of Genome Sciences, University of Washington},
 location = {Seattle},
}

@inproceedings{manticore_parallel_tuples,
 author = {Fluet, Matthew and Rainey, Mike and Reppy, John and Shaw, Adam},
 title = {Implicitly-threaded parallelism in {M}anticore},
 booktitle = {ICFP},
 year = {2008},
}

@phdthesis{practical-lock-freedom,
 author = {Fraser, Keir},
 title = {Practical lock-freedom},
 year = {2004},
}

@inproceedings{cilk,
 author = {Frigo, Matteo and Leiserson, Charles E. and Randall, Keith H.},
 title = {The implementation of the {C}ilk-5 multithreaded language},
 booktitle = {PLDI},
 year = {1998},
}

@article{gilbert-lynch-cap,
 author = {Gilbert, Seth and Lynch, Nancy},
 title = {Brewer's Conjecture and the Feasibility of Consistent, Available, Partition-tolerant Web Services},
 journal = {SIGACT News},
 volume = {33},
 number = {2},
 month = jun,
 year = {2002},
}

@inproceedings{streamit-asplos,
  author = {Michael I. Gordon and William Thies and Michal Karczmarek and Jasper Lin and Ali S. Meli and Christopher Leger and Andrew A. Lamb and Jeremy Wong and Henry Hoffman and David Z. Maze and Saman Amarasinghe},
  title = {A Stream Compiler for Communication-Exposed Architectures},
  booktitle = {ASPLOS},
  year = {2002},
}

@inproceedings{river-trail,
 author = {Herhut, Stephan and Hudson, Richard L. and Shpeisman, Tatiana and Sreeram, Jaswanth},
 title = {{River Trail}: A Path to Parallelism in {JavaScript}},
 booktitle = {OOPSLA},
 year = {2013},
}

@book{art,
 author = {Herlihy, M. and Shavit, N.},
 title = {The Art of Multiprocessor Programming},
 year = {2008},
 publisher = {Morgan Kaufmann},
 }

@article{HoareAxiomatic,
 author = {Hoare, C. A. R.},
 title = {An Axiomatic Basis for Computer Programming},
 journal = {Commun. ACM},
 volume = {12},
 number = {10},
 month = oct,
 year = {1969},
}

@inproceedings{JensenBirkedalFictional,
 author = {Jensen, Jonas Braband and Birkedal, Lars},
 title = {Fictional Separation Logic},
 booktitle = {ESOP},
 year = {2012},
}

@incollection{kahn-1974,
 author = {Kahn, G.},
 booktitle = {Information Processing '74: Proceedings of the IFIP Congress},
 editor = {Rosenfeld, J. L.},
 publisher = {North-Holland},
 title = {The Semantics of a Simple Language for Parallel Programming},
 year = {1974},
}

@inproceedings{oleg-amr-haskell-2013,
 author    = {Oleg Kiselyov and Amr Sabry and Cameron Swords},
 title     = {Extensible effects: an alternative to monad transformers},
 booktitle = {Haskell},
 year      = {2013},
}

@inproceedings{simple-frp,
 author = {Neelakantan R. Krishnaswami},
 title = {Higher-Order Reactive Programming without Spacetime Leaks},
 booktitle = {ICFP},
 year =      {2013},
}

@article{lee-sdn,
 author = {Lee, E.A. and Messerschmitt, D.G.},
 journal = {Proceedings of the IEEE},
 title = {Synchronous data flow},
 year = {1987},
 volume = {75},
 number = {9},
}

@inproceedings{concurrent-revisions-haskell11,
 author = {Leijen, Daan and Fahndrich, Manuel and Burckhardt, Sebastian},
 title = {Prettier concurrency: purely functional concurrent revisions},
 booktitle = {Haskell},
 year = {2011},
}

@book{marlow-book,
 author = {Marlow, Simon},
 title = {Parallel and Concurrent Programming in Haskell},
 publisher = {O'Reilly Media},
 year = {2013},
}

@inproceedings{marlow-par,
 author = {Marlow, Simon and Maier, Patrick and Loidl, Hans-Wolfgang and Aswad, Mustafa K. and Trinder, Phil},
 title = {Seq no more: better strategies for parallel {H}askell},
 booktitle = {Haskell},
 year = {2010},
}

@inproceedings{monad-par,
 author = {Marlow, Simon and Newton, Ryan and {Peyton Jones}, Simon},
 title = {A monad for deterministic parallelism},
 booktitle = {Haskell},
 year = {2011},
}

@inproceedings{runtime-support-multicore-haskell,
 author = {Marlow, Simon and {Peyton Jones}, Simon and Singh, Satnam},
 title = {Runtime Support for Multicore {H}askell},
 booktitle = {ICFP},
 year = {2009},
}

@article{McCarthyHayesFrame,
  author = {John McCarthy and P.J. Hayes},
  journal = {Machine Intelligence},
  title = {Some Philosophical Problems from the Standpoint of Artificial Intelligence},
  volume = {4},
  year = {1969}
}

@inproceedings{idempotent,
 author = {Michael, Maged M. and Vechev, Martin T. and Saraswat, Vijay A.},
 title = {Idempotent work stealing},
 booktitle = {PPoPP},
 year = {2009},
}

@url{MightkCFABlog,
 author = {Might, Matthew},
 title = {{$k$-CFA: Determining types and/or control-flow in languages like Python, Java and Scheme}},
 howpublished = {\url{http://matt.might.net/articles/implementation-of-kcfa-and-0cfa/}},
}

@article{PhyBin,
 title = {{PhyBin}: binning trees by topology},
 author = {Newton, Ryan R. and Newton, Irene L. G.},
 year = {2013},
 month = oct,
 volume = {1},
 journal = {PeerJ},
}

@misc{id,
 author = {Nikhil, Rishiyur S.},
 title = {Id Language Reference Manual},
 year = {1991},
}

@article{OHearnResourcesConcurrency,
 author = {O'Hearn, Peter W.},
 title = {Resources, Concurrency, and Local Reasoning},
 journal = {Theor. Comput. Sci.},
 volume = {375},
 number = {1-3},
 month = apr,
 year = {2007},
}

@inproceedings{OHearnLocalReasoning,
 author    = {Peter W. O'Hearn and John C. Reynolds and Hongseok Yang},
 title     = {Local Reasoning about Programs that Alter Data Structures},
 booktitle = {CSL},
 year      = {2001},
}

@inproceedings{dph,
 author = {Simon L. {Peyton Jones} and Roman Leshchinskiy and Gabriele Keller and Manuel M. T. Chakravarty},
 title = {Harnessing the Multicores: Nested Data Parallelism in {H}askell},
 booktitle = {FSTTCS},
 year = {2008},
}

@inproceedings{flowpools,
 author = {Prokopec, Aleksandar and Miller, Heather and Schlatter, Tobias and Haller, Philipp and Odersky, Martin},
 title = {Flow{P}ools: a lock-free deterministic concurrent dataflow abstraction},
 booktitle = {LCPC},
 year = {2012},
}

@book{reppy-cml-book,
 author = {John H. Reppy},
 title = {Concurrent Programming in {ML}},
 publisher = {Cambridge University Press},
 year = {1999},
}

@inproceedings{ReynoldsSeparationLogic,
 author = {Reynolds, John C.},
 title = {Separation Logic: A Logic for Shared Mutable Data Structures},
 booktitle = {LICS},
 year = {2002},
}

@techreport{crdts-tr,
 author = {Shapiro, Marc and Pregui\c{c}a, Nuno and Baquero, Carlos and Zawirski, Marek},
 title = {{A comprehensive study of Convergent and Commutative Replicated Data Types}},
 institution = {INRIA},
 number = {RR-7506},
 year = {2011},
 month = jan,
}

@inproceedings{crdts,
 author = {Shapiro, Marc and Pregui\c{c}a, Nuno and Baquero, Carlos and Zawirski, Marek},
 title = {Conflict-free replicated data types},
 booktitle = {SSS},
 year = {2011},
}

@inproceedings{beyond-nested-workstealing,
 author = {Spoonhower, Daniel and Blelloch, Guy E. and Gibbons, Phillip B. and Harper, Robert},
 title = {Beyond nested parallelism: tight bounds on work-stealing overheads for parallel futures},
 booktitle = {SPAA},
 year = {2009},
}

@article{dendropy,
 author = {Jeet Sukumaran and Mark T. Holder},
 title = {{DendroPy}: a {Python} library for phylogenetic computing},
 journal = {Bioinformatics},
 year = {2010},
 volume = {26},
}

@inproceedings{hashrf,
 title = {A Randomized Algorithm for Comparing Sets of Phylogenetic Trees},
 author = {Sul, Seung-Jin and Williams, Tiffani L.},
 booktitle = {APBC},
 year = {2007},
}

@inproceedings{safe-haskell,
 author = {David Terei and David Mazières and Simon Marlow and Simon {Peyton Jones}},
 title = {Safe {H}askell},
 booktitle = {Haskell},
 year = {2012},
}

@inproceedings{pileus,
 author = {Terry, Douglas B. and Prabhakaran, Vijayan and Kotla, Ramakrishna and Balakrishnan, Mahesh and Aguilera, Marcos K. and Abu-Libdeh, Hussam},
 title = {Consistency-based Service Level Agreements for Cloud Storage},
 booktitle = {SOSP},
 year = {2013},
}

@inproceedings{Tesler-1968,
 author = {Tesler, L. G. and Enea, H. J.},
 title = {A language design for concurrent processes},
 booktitle = {AFIPS},
 year = {1968 (Spring)},
}

@article{vogels-ec,
 author = {Vogels, Werner},
 title = {Eventually consistent},
 journal = {Commun. ACM},
 volume = {52},
 number = {1},
 month = jan,
 year = {2009},
}

@url{simpledb-vogels-article,
 author = {Vogels, Werner},
 title = {Choosing consistency},
 howpublished = {\url{http://www.allthingsdistributed.com/2010/02/strong_consistency_simpledb.html}},
 year = {2010},
}
